Concepto;Fecha;Importe;Saldo
PIZZERIA SAPORI D;16/07/2026;-9,00EUR;11.030,07EUR
ARBITRADE LEVANTE;16/07/2026;-1,50EUR;11.039,07EUR
FGV VALENCIA SI;16/07/2026;-5,40EUR;11.040,57EUR
CHAMARTIN EST. BU;16/07/2026;-16,95EUR;11.045,97EUR
TRANSF. A SU FAVOR;16/07/2026;102,60EUR;11.062,92EUR
TRANSFER INMEDIATA;15/07/2026;783,60EUR;10.960,32EUR
REINT.CAJERO;15/07/2026;-20,00EUR;10.176,72EUR
LA ISLA CHILL OUT;14/07/2026;-11,40EUR;10.196,72EUR
LA CATA GASTROBAR;13/07/2026;-39,60EUR;10.208,12EUR
TRASPASO;13/07/2026;2.740,45EUR;10.247,72EUR
TRASPASO;13/07/2026;2.280,11EUR;7.507,27EUR
STARBUCKS APP ES;13/07/2026;-6,82EUR;5.227,16EUR
Gate Gourmet Spai;13/07/2026;-2,80EUR;5.233,98EUR
NORMAL MADRID;13/07/2026;-2,90EUR;5.236,78EUR
MERCADONA CC PRIN;13/07/2026;-5,01EUR;5.239,68EUR
ARTICULOS DE REGA;11/07/2026;-5,10EUR;5.244,69EUR
Google One;10/07/2026;-21,99EUR;5.249,79EUR
TRASPASO;09/07/2026;200,00EUR;5.271,78EUR
TEIKA;09/07/2026;0,15EUR;5.071,78EUR
TEIKA;09/07/2026;-1,30EUR;5.071,63EUR
TORRENTE I;09/07/2026;-30,00EUR;5.072,93EUR
REINT.CAJERO;09/07/2026;-1.000,00EUR;5.102,93EUR
AYUNTAMIENTO DE T;09/07/2026;-46,08EUR;6.102,93EUR
AYUNTAMIENTO DE T;09/07/2026;-123,50EUR;6.149,01EUR
TRANSF. A SU FAVOR;09/07/2026;6,61EUR;6.272,51EUR
TRANSFER INMEDIATA;08/07/2026;2.052,01EUR;6.265,90EUR
OPENAI;08/07/2026;-5,30EUR;4.213,89EUR
Servicios de ases;08/07/2026;-7.255,16EUR;4.219,19EUR
TRANSFER INMEDIATA;08/07/2026;7.255,16EUR;11.474,35EUR
NEW XIMO 3;08/07/2026;-3,50EUR;4.219,19EUR
BIZUM ENVIADO;07/07/2026;-139,00EUR;4.222,69EUR
BIZUM ENVIADO;06/07/2026;-32,29EUR;4.361,69EUR
BIZUM ENVIADO;06/07/2026;-3,00EUR;4.393,98EUR
CONSUM TORRENTE A;06/07/2026;-6,43EUR;4.396,98EUR
AQUANET CENTROS D;05/07/2026;-1,00EUR;4.403,41EUR
CAMPING TAURO;05/07/2026;-2,00EUR;4.404,41EUR
BIZUM RECIBIDO;05/07/2026;15,00EUR;4.406,41EUR
LA TERRACITA;05/07/2026;-18,80EUR;4.391,41EUR
FREENOW* DTE5RE-2;05/07/2026;-25,80EUR;4.410,21EUR
BAZAR MERCA YONG;04/07/2026;-14,45EUR;4.436,01EUR
CONSUM TORRENT P.;04/07/2026;-6,47EUR;4.450,46EUR
RECIBO UNICO MYBOX;04/07/2026;-23,63EUR;4.456,93EUR
LIDL LIDL TORRENT;03/07/2026;-10,92EUR;4.480,56EUR
TRANSFERENCIA;03/07/2026;-30.000,00EUR;4.491,48EUR
TRANSFERENCIA;03/07/2026;-104.910,00EUR;34.491,48EUR
CONSTIT. PRESTAMO;03/07/2026;89.416,07EUR;139.401,48EUR
CONSUM TORRENT AV;03/07/2026;-1,60EUR;49.985,41EUR
LIAOPASTEL TORREN;03/07/2026;-6,30EUR;49.987,01EUR
TRANSFER.HUCHA DIGI;03/07/2026;45.998,00EUR;49.993,31EUR
PAGO TRANSFERENCIAS;03/07/2026;-397,80EUR;3.995,31EUR
RECIBO UNICO MYBOX;03/07/2026;-44,28EUR;4.393,11EUR
TRANSFER.HUCHA DIGI;02/07/2026;2,00EUR;4.437,39EUR
BIZUM RECIBIDO;02/07/2026;5,00EUR;4.435,39EUR
BOLT.EU/O/2607021;02/07/2026;-11,64EUR;4.430,39EUR
ZIELONY KREDENS;02/07/2026;-18,42EUR;4.442,03EUR
LAJKONIK PIEKARNI;02/07/2026;-3,92EUR;4.460,45EUR
MLECZARNIA;01/07/2026;-7,94EUR;4.464,37EUR
ZABKA Z5820 K.1;01/07/2026;-4,08EUR;4.472,31EUR
SKLEP JUST Shop;01/07/2026;-20,56EUR;4.476,39EUR
jakdojade.pl;01/07/2026;-1,93EUR;4.496,95EUR
ZABKA Z4581 K.1;01/07/2026;-2,14EUR;4.498,88EUR
jakdojade.pl;01/07/2026;-1,93EUR;4.501,02EUR
jakdojade.pl;01/07/2026;-1,93EUR;4.502,95EUR
JMP S.A. BIEDRONK;01/07/2026;-4,86EUR;4.504,88EUR
jakdojade.pl;01/07/2026;-2,86EUR;4.509,74EUR
ROSSMANN;01/07/2026;-4,17EUR;4.512,60EUR
PARK CAFE PAWEL W;01/07/2026;-9,46EUR;4.516,77EUR
TRANSFER INMEDIATA;01/07/2026;2.965,14EUR;4.526,23EUR
jakdojade.pl;01/07/2026;-2,86EUR;1.561,09EUR
GAIA GEST.DEP.;01/07/2026;-28,39EUR;1.563,95EUR
LOCO;30/06/2026;-6,79EUR;1.592,34EUR
Wodka Caffe Bar;30/06/2026;-9,36EUR;1.599,13EUR
SKLEP JUST Shop;30/06/2026;-2,16EUR;1.608,49EUR
jakdojade.pl;30/06/2026;-1,93EUR;1.610,65EUR
PKP Intercity Spo;30/06/2026;-11,23EUR;1.612,58EUR
ZABKA Z9627 K.1;30/06/2026;-6,31EUR;1.623,81EUR
MZK BILETOMAT 56;30/06/2026;-1,52EUR;1.630,12EUR
RESTAURACJA KASTE;30/06/2026;-5,97EUR;1.631,64EUR
RESTAURACJA KASTE;30/06/2026;-12,83EUR;1.637,61EUR
RESTAURANT AND BI;30/06/2026;-3,98EUR;1.650,44EUR
RESTAURANT AND BI;30/06/2026;-4,68EUR;1.654,42EUR
P.M. AUSCHWITZ BI;30/06/2026;-2,34EUR;1.659,10EUR
CATERING-EXPRESS;30/06/2026;-1,17EUR;1.661,44EUR
OLGA ISULA;30/06/2026;-6,55EUR;1.662,61EUR
TGSS.COTIZACI.;30/06/2026;-205,86EUR;1.669,16EUR
IMPUESTO RENTA;30/06/2026;-5.623,42EUR;1.875,02EUR
jakdojade.pl;29/06/2026;-1,93EUR;7.498,44EUR
TRANSFER INMEDIATA;29/06/2026;2.000,00EUR;7.500,37EUR
TRANSFER.HUCHA DIGI;29/06/2026;-46.000,00EUR;5.500,37EUR
ZABKA Z8491 K.4;29/06/2026;-2,93EUR;51.500,37EUR
TRANSF. A SU FAVOR;29/06/2026;39.730,07EUR;51.503,30EUR
TRDELNIK KRAKOW;29/06/2026;-11,25EUR;11.773,23EUR
PP *moj-bus.pl;29/06/2026;-11,13EUR;11.784,48EUR
TRANSFER INMEDIATA;29/06/2026;4.000,00EUR;11.795,61EUR
BOLT.EU/O/2606291;29/06/2026;-5,13EUR;7.795,61EUR
Wzgorze Wawelskie;29/06/2026;-1,17EUR;7.800,74EUR
BIZUM RECIBIDO;28/06/2026;61,00EUR;7.801,91EUR
ALCHEMIA;28/06/2026;-8,90EUR;7.740,91EUR
BOLT.EU/O/2606281;28/06/2026;-4,66EUR;7.749,81EUR
JMP S.A. BIEDRONK;28/06/2026;-30,35EUR;7.754,47EUR
SumUp  *Lorena;28/06/2026;-32,80EUR;7.784,82EUR
MLECZARNIA;28/06/2026;-7,50EUR;7.817,62EUR
TRDELNIK KRAKOW;28/06/2026;-3,28EUR;7.825,12EUR
SKLEP CARREFOUR U;28/06/2026;-0,70EUR;7.828,40EUR
TRASPASO;28/06/2026;417,05EUR;7.829,10EUR
BOLT.EU/O/2606281;28/06/2026;-3,96EUR;7.412,05EUR
ZABKA ZE121 K.1;28/06/2026;-3,47EUR;7.416,01EUR
MILK BAR TOMASZA;28/06/2026;-23,43EUR;7.419,48EUR
UNICARD SMART CIT;28/06/2026;-9,37EUR;7.442,91EUR
APPLE.COM/BILL;28/06/2026;-5,99EUR;7.452,28EUR
MAQUINAS VENDING;28/06/2026;-1,40EUR;7.458,27EUR
MAQUINAS VENDING;28/06/2026;1,40EUR;7.459,67EUR
MAQUINAS VENDING;28/06/2026;-1,40EUR;7.458,27EUR
MAQUINAS VENDING;28/06/2026;-1,40EUR;7.459,67EUR
BIZUM RECIBIDO;28/06/2026;12,40EUR;7.461,07EUR
AUDITORI DE TORRE;27/06/2026;-4,50EUR;7.448,67EUR
DECATHLON ALDAIA;27/06/2026;-13,99EUR;7.453,17EUR
DRUNI C C BONAIRE;27/06/2026;-7,99EUR;7.467,16EUR
SIBUYA BONAIRE;27/06/2026;-35,40EUR;7.475,15EUR
PULL AND BEAR;27/06/2026;-134,92EUR;7.510,55EUR
LIDL LIDL TORRENT;26/06/2026;-12,25EUR;7.645,47EUR
CONSUM TORRENTE A;25/06/2026;-9,64EUR;7.657,72EUR
TRANSFER INMEDIATA;25/06/2026;855,00EUR;7.667,36EUR
Referido pagina w;25/06/2026;-212,00EUR;6.812,36EUR
NEW XIMO 3;25/06/2026;-3,50EUR;7.024,36EUR
DGT SANCIONES INT;25/06/2026;-50,00EUR;7.027,86EUR
LA TERRACITA;24/06/2026;-10,00EUR;7.077,86EUR
APPLE.COM/BILL;24/06/2026;-2,99EUR;7.087,86EUR
TRANSFER INMEDIATA;23/06/2026;926,81EUR;7.090,85EUR
BAãON Y VALERO;22/06/2026;-8,55EUR;6.164,04EUR
BIZUM RECIBIDO;21/06/2026;7,50EUR;6.172,59EUR
RENFE VIRTUAL INT;21/06/2026;-18,10EUR;6.165,09EUR
BIZUM RECIBIDO;21/06/2026;32,50EUR;6.183,19EUR
RENFE VIRTUAL INT;21/06/2026;-5,00EUR;6.150,69EUR
IRYOB2C;21/06/2026;-60,40EUR;6.155,69EUR
COMPRA CON TARJETA;21/06/2026;-50,80EUR;6.216,09EUR
DEVOLUCION COMPRA;21/06/2026;99,00EUR;6.266,89EUR
BALLENOIL PAIPORT;21/06/2026;-99,00EUR;6.167,89EUR
OPENAI;20/06/2026;-5,30EUR;6.266,89EUR
MEOWAPPS;20/06/2026;-51,68EUR;6.272,19EUR
INFORMATICA TORRE;20/06/2026;-88,00EUR;6.323,87EUR
UDACO;19/06/2026;-4,90EUR;6.411,87EUR
LIDL LIDL TORRENT;19/06/2026;-10,37EUR;6.416,77EUR
LSD TORRENTE;18/06/2026;-1,00EUR;6.427,14EUR
CURSOR, AI POWERE;17/06/2026;-63,86EUR;6.428,14EUR
TRASPASO;17/06/2026;716,92EUR;6.492,00EUR
TALL S BARBER SHO;17/06/2026;-15,00EUR;5.775,08EUR
CONSUM TORRENTE A;17/06/2026;-9,09EUR;5.790,08EUR
AQUANET CENTROS D;17/06/2026;-1,00EUR;5.799,17EUR
AQUANET CENTROS D;17/06/2026;-1,00EUR;5.800,17EUR
AIRBNB * HM83YRK9;15/06/2026;-276,31EUR;5.801,17EUR
NEW XIMO 3;15/06/2026;-3,50EUR;6.077,48EUR
KIOSKO BJ;14/06/2026;-5,50EUR;6.080,98EUR
PANTHERA;14/06/2026;-5,25EUR;6.086,48EUR
TORRENTE;13/06/2026;-10,00EUR;6.091,73EUR
LA TRINCHERA;13/06/2026;-23,00EUR;6.101,73EUR
TRANSFER INMEDIATA;13/06/2026;1.713,42EUR;6.124,73EUR
LIDL ALDAYA CENTR;13/06/2026;-2,68EUR;4.411,31EUR
STARBUCKS APP ES;13/06/2026;-1,90EUR;4.413,99EUR
STARBUCKS APP ES;13/06/2026;-10,73EUR;4.415,89EUR
PRIMARK BONAIRE;13/06/2026;-6,15EUR;4.426,62EUR
VISIONLAB TORRENT;13/06/2026;-19,00EUR;4.432,77EUR
LIDL LIDL TORRENT;12/06/2026;-8,80EUR;4.451,77EUR
LSD TORRENTE;11/06/2026;-1,00EUR;4.460,57EUR
TRANSFER INMEDIATA;11/06/2026;547,20EUR;4.461,57EUR
LEVANTE UNION DEP;11/06/2026;-189,00EUR;3.914,37EUR
TRANSFER INMEDIATA;10/06/2026;461,70EUR;4.103,37EUR
CONSUM TORRENTE A;10/06/2026;-16,91EUR;3.641,67EUR
Google One;10/06/2026;-21,99EUR;3.658,58EUR
DONDOMINIO-MRDOMA;09/06/2026;-1,21EUR;3.680,57EUR
BIZUM RECIBIDO;08/06/2026;10,00EUR;3.681,78EUR
DONDOMINIO-MRDOMA;08/06/2026;-19,30EUR;3.671,78EUR
LIDL ALDAYA CENTR;06/06/2026;-2,10EUR;3.691,08EUR
DECATHLON ALDAIA;06/06/2026;-20,78EUR;3.693,18EUR
UDACO;06/06/2026;-5,35EUR;3.713,96EUR
MUZEUM HISTORYCZN;06/06/2026;-25,59EUR;3.719,31EUR
bilety.kopalnia.p;06/06/2026;-70,99EUR;3.744,90EUR
CONSUM TORRENT P.;06/06/2026;-6,29EUR;3.815,89EUR
BIZUM RECIBIDO;06/06/2026;22,00EUR;3.822,18EUR
CUARZO MISTICO;06/06/2026;-54,55EUR;3.800,18EUR
ABACUS TORRENT;06/06/2026;-21,80EUR;3.854,73EUR
TRANSFER INMEDIATA;05/06/2026;1.068,73EUR;3.876,53EUR
TRANSFER INMEDIATA;05/06/2026;10,00EUR;2.807,80EUR
LIDL LIDL TORRENT;05/06/2026;-15,51EUR;2.797,80EUR
TRASPASO;05/06/2026;716,92EUR;2.813,31EUR
TRANSF. A SU FAVOR;04/06/2026;68,40EUR;2.096,39EUR
PAGO TRANSFERENCIAS;03/06/2026;-397,80EUR;2.027,99EUR
TRANSF. A SU FAVOR;03/06/2026;207,48EUR;2.425,79EUR
DONDOMINIO-MRDOMA;01/06/2026;-17,97EUR;2.218,31EUR
PAYPAL *ITUNESAPP;01/06/2026;-4,49EUR;2.236,28EUR
GAIA GEST.DEP.;01/06/2026;-28,39EUR;2.240,77EUR
BK17519 BONAIRE;30/05/2026;-17,71EUR;2.269,16EUR
TEIKA;30/05/2026;0,15EUR;2.286,87EUR
TEIKA;30/05/2026;-1,30EUR;2.286,72EUR
NORMAL ALDAIA,;30/05/2026;-18,20EUR;2.288,02EUR
The Peoples Coffe;30/05/2026;-7,60EUR;2.306,22EUR
STARBUCKS APP ES;29/05/2026;-3,41EUR;2.313,82EUR
LIDL LIDL TORRENT;29/05/2026;-18,37EUR;2.317,23EUR
AQUANET CENTROS D;29/05/2026;-2,00EUR;2.335,60EUR
TRANSFER INMEDIATA;29/05/2026;343,34EUR;2.337,60EUR
TRANSFER INMEDIATA;29/05/2026;1.000,00EUR;1.994,26EUR
TGSS.COTIZACI.;29/05/2026;-205,86EUR;994,26EUR
TRANSF. A SU FAVOR;28/05/2026;205,20EUR;1.200,12EUR
ARRAS PENITENCIAL;27/05/2026;-11.990,00EUR;994,92EUR
TRANSFER INMEDIATA;27/05/2026;2.800,00EUR;12.984,92EUR
TRANSFER INMEDIATA;27/05/2026;907,00EUR;10.184,92EUR
TRANSF. A SU FAVOR;27/05/2026;900,00EUR;9.277,92EUR
TEIKA;26/05/2026;0,15EUR;8.377,92EUR
TEIKA;26/05/2026;-1,30EUR;8.377,77EUR
CONSUM TORRENTE A;26/05/2026;-10,56EUR;8.379,07EUR
BALLENOIL PAIPORT;24/05/2026;-40,00EUR;8.389,63EUR
BIZUM RECIBIDO;24/05/2026;7,40EUR;8.429,63EUR
MES QUE DOLC;24/05/2026;-7,50EUR;8.422,23EUR
BIZUM ENVIADO;24/05/2026;-7,40EUR;8.429,73EUR
APPLE.COM/BILL;24/05/2026;-2,99EUR;8.437,13EUR
FAMILYCASH TORREN;23/05/2026;-11,07EUR;8.440,12EUR
DECIMAS FACTORY B;23/05/2026;-29,99EUR;8.451,19EUR
STARBUCKS APP ES;23/05/2026;-3,40EUR;8.481,18EUR
DRUNI C C BONAIRE;23/05/2026;-9,99EUR;8.484,58EUR
MERCADONA AVINGUD;23/05/2026;-10,25EUR;8.494,57EUR
EL RINCON DE LEON;22/05/2026;-5,00EUR;8.504,82EUR
LIDL MANISES;22/05/2026;-11,70EUR;8.509,82EUR
TALL S BARBER SHO;22/05/2026;-15,00EUR;8.521,52EUR
TRANSFER INMEDIATA;21/05/2026;461,70EUR;8.536,52EUR
TRASPASO;21/05/2026;3.996,63EUR;8.074,82EUR
tinsa.es;21/05/2026;-417,45EUR;4.078,19EUR
TEIKA;20/05/2026;1,35EUR;4.495,64EUR
TEIKA;20/05/2026;-2,90EUR;4.494,29EUR
MES QUE DOLC;20/05/2026;-1,05EUR;4.497,19EUR
BIZUM RECIBIDO;20/05/2026;35,00EUR;4.498,24EUR
Revolut**1200*;19/05/2026;-75,00EUR;4.463,24EUR
TRANSF. A SU FAVOR;19/05/2026;2.254,23EUR;4.538,24EUR
CONSUM TORRENTE A;18/05/2026;-10,64EUR;2.284,01EUR
TRANSFER INMEDIATA;18/05/2026;855,00EUR;2.294,65EUR
PKTORRENT;18/05/2026;-2,90EUR;1.439,65EUR
CURSOR, AI POWERE;17/05/2026;-63,86EUR;1.442,55EUR
PIROPO;17/05/2026;-36,00EUR;1.506,41EUR
BIZUM RECIBIDO;16/05/2026;2,50EUR;1.542,41EUR
MIGUEL DE LA ROSA;16/05/2026;-10,00EUR;1.539,91EUR
BIZUM RECIBIDO;16/05/2026;120,00EUR;1.549,91EUR
CONSUM MANISES;16/05/2026;-0,99EUR;1.429,91EUR
BALLENOIL PAIPORT;16/05/2026;-40,00EUR;1.430,90EUR
CAFETERIA PARK CE;16/05/2026;-1,50EUR;1.470,90EUR
P2068;16/05/2026;-3.000,00EUR;1.472,40EUR
TRANSFER INMEDIATA;16/05/2026;3.000,00EUR;4.472,40EUR
LIDL LIDL TORRENT;15/05/2026;-10,73EUR;1.472,40EUR
AQUANET CENTROS D;14/05/2026;-2,00EUR;1.483,13EUR
BAZAR MERCA YONG;14/05/2026;-2,64EUR;1.485,13EUR
CONSUM TORRENTE A;13/05/2026;-12,10EUR;1.487,77EUR
PAYPAL *LEVANTEUN;13/05/2026;-49,95EUR;1.499,87EUR
GOOGLE*GOOGLE ONE;11/05/2026;-2,19EUR;1.549,82EUR
AIRBNB * HM9NEB9C;10/05/2026;-474,19EUR;1.552,01EUR
BIZUM RECIBIDO;10/05/2026;237,00EUR;2.026,20EUR
BIZUM RECIBIDO;10/05/2026;118,55EUR;1.789,20EUR
ALIMENTACION TORR;10/05/2026;-3,65EUR;1.670,65EUR
DONDOMINIO-MRDOMA;09/05/2026;-1,21EUR;1.674,30EUR
LIDL MANISES;09/05/2026;-6,18EUR;1.675,51EUR
PAYPAL *PAYPAL;08/05/2026;-4,49EUR;1.681,69EUR
CAFETERIA RUSINYO;08/05/2026;-10,00EUR;1.686,18EUR
TRASPASO;07/05/2026;855,00EUR;1.696,18EUR
HORNO ANCHEL;07/05/2026;-1,05EUR;841,18EUR
CONSUM TORRENTE A;04/05/2026;-16,30EUR;842,23EUR
GAIA GEST.DEP.;04/05/2026;-28,39EUR;858,53EUR
BIZUM RECIBIDO;03/05/2026;140,00EUR;886,92EUR
WIZZ AIR HUNGARY;03/05/2026;-279,96EUR;746,92EUR
STARBUCKS APP ES;03/05/2026;-6,30EUR;1.026,88EUR
Ahorro MyInvestor;03/05/2026;-1.500,00EUR;1.033,18EUR
Envio de dinero -;03/05/2026;-2.800,00EUR;2.533,18EUR
PAGO TRANSFERENCIAS;03/05/2026;-397,80EUR;5.333,18EUR
DRUNI;02/05/2026;-14,25EUR;5.730,98EUR
BAR LA PLANA;02/05/2026;-14,50EUR;5.745,23EUR
ALIMENTACION TORR;01/05/2026;-4,58EUR;5.759,73EUR
BALLENOIL PAIPORT;01/05/2026;-40,00EUR;5.764,31EUR
NEW XIMO 3;30/04/2026;-24,80EUR;5.804,31EUR
TGSS.COTIZACI.;30/04/2026;-205,86EUR;5.829,11EUR
DONDOMINIO-MRDOMA;28/04/2026;-8,41EUR;6.034,97EUR
TRANSF. A SU FAVOR;28/04/2026;118,56EUR;6.043,38EUR
PAYPAL *MAKSU 168;27/04/2026;-0,90EUR;5.924,82EUR
BIZUM RECIBIDO;26/04/2026;9,00EUR;5.925,72EUR
PIZZERIA SAPORI D;26/04/2026;-9,00EUR;5.916,72EUR
LA TRINCHERA;25/04/2026;-18,85EUR;5.925,72EUR
NORMAL VALENCIA;25/04/2026;-1,50EUR;5.944,57EUR
NORMAL VALENCIA;25/04/2026;-13,30EUR;5.946,07EUR
MEDIA MARKT E 293;25/04/2026;-8,19EUR;5.959,37EUR
CAFETERIA PARK CE;25/04/2026;-1,50EUR;5.967,56EUR
APPLE.COM/BILL;24/04/2026;-2,99EUR;5.969,06EUR
Klarna*Privalia;24/04/2026;-37,13EUR;5.972,05EUR
CONSUM TORRENTE A;23/04/2026;-8,12EUR;6.009,18EUR
BAZAR MERCA YONG;22/04/2026;-7,95EUR;6.017,30EUR
CAFETERIA PARK CE;21/04/2026;-1,60EUR;6.025,25EUR
BIZUM ENVIADO;21/04/2026;-30,00EUR;6.026,85EUR
BIZUM RECIBIDO;20/04/2026;17,50EUR;6.056,85EUR
PASTELERIA PANADE;20/04/2026;-1,66EUR;6.039,35EUR
TALL S BARBER SHO;20/04/2026;-12,00EUR;6.041,01EUR
TRANSFER INMEDIATA;20/04/2026;925,65EUR;6.053,01EUR
Business Prime;20/04/2026;59,29EUR;5.127,36EUR
IMPUESTOS AEAT;19/04/2026;-222,30EUR;5.068,07EUR
IMPUESTOS AEAT;19/04/2026;-2.238,69EUR;5.290,37EUR
PLENERGY US 264 X;19/04/2026;-30,00EUR;7.529,06EUR
TEIKA;19/04/2026;0,15EUR;7.559,06EUR
TEIKA;19/04/2026;-1,30EUR;7.558,91EUR
LIDL LIDL TORRENT;18/04/2026;-2,46EUR;7.560,21EUR
LIDL ALDAYA CENTR;18/04/2026;-9,61EUR;7.562,67EUR
PRIMARK BONAIRE;18/04/2026;-24,15EUR;7.572,28EUR
STARBUCKS APP ES;18/04/2026;-8,72EUR;7.596,43EUR
BIZUM ENVIADO;17/04/2026;-14,00EUR;7.605,15EUR
TRANSFER INMEDIATA;17/04/2026;2.490,78EUR;7.619,15EUR
CURSOR, AI POWERE;17/04/2026;-63,86EUR;5.128,37EUR
AYUNTAMIENTO DE Z;17/04/2026;-50,00EUR;5.192,23EUR
WWW.AMAZON;16/04/2026;-7,80EUR;5.242,23EUR
Business Prime;16/04/2026;-59,29EUR;5.250,03EUR
CONSUM TORRENTE A;15/04/2026;-12,92EUR;5.309,32EUR
AQUANET CENTROS D;15/04/2026;-1,00EUR;5.322,24EUR
AQUANET CENTROS D;15/04/2026;-1,00EUR;5.323,24EUR
TRASPASO;13/04/2026;1.731,00EUR;5.324,24EUR
MES QUE DOLC;12/04/2026;-3,60EUR;3.593,24EUR
LIDL ALDAYA CENTR;11/04/2026;-7,20EUR;3.596,84EUR
985 SPRINTER ALDA;11/04/2026;-24,98EUR;3.604,04EUR
DASANA;11/04/2026;-2,14EUR;3.629,02EUR
CEX TORRENT;11/04/2026;-6,00EUR;3.631,16EUR
INSIDE TORRENTE;11/04/2026;-9,99EUR;3.637,16EUR
TEIKA;10/04/2026;0,15EUR;3.647,15EUR
TEIKA;10/04/2026;-1,30EUR;3.647,00EUR
STARBUCKS APP ES;10/04/2026;-6,82EUR;3.648,30EUR
TUCANA REY DON JA;09/04/2026;-21,50EUR;3.655,12EUR
REINT.CAJERO;09/04/2026;-20,00EUR;3.676,62EUR
RTE VILLALMAR;09/04/2026;-8,00EUR;3.696,62EUR
TRANSF. A SU FAVOR;09/04/2026;68,40EUR;3.704,62EUR
BIZUM RECIBIDO;08/04/2026;8,80EUR;3.636,22EUR
BK22974 CASTELLON;08/04/2026;-17,62EUR;3.627,42EUR
BLUMEA;08/04/2026;-7,00EUR;3.645,04EUR
TRANSFER INMEDIATA;08/04/2026;205,20EUR;3.652,04EUR
LA TERRACITA;07/04/2026;-5,00EUR;3.446,84EUR
BENICASIM AV GRAN;07/04/2026;-21,33EUR;3.451,84EUR
INT*Air-Serv Spai;07/04/2026;-1,00EUR;3.473,17EUR
EESS ALCAMPO ALDA;07/04/2026;-30,00EUR;3.474,17EUR
MERCADONA C/AZORI;07/04/2026;-2,50EUR;3.504,17EUR
HORNO ANCHEL;07/04/2026;-5,15EUR;3.506,67EUR
VIVARI;06/04/2026;-1,75EUR;3.511,82EUR
SAONA TORRENT;06/04/2026;-21,75EUR;3.513,57EUR
LA TERRACITA;05/04/2026;-5,50EUR;3.535,32EUR
LA TERRACITA;04/04/2026;-1,70EUR;3.540,82EUR
BALLENOIL TORRENT;04/04/2026;-30,00EUR;3.542,52EUR
HOTEL PLAZA MERCA;03/04/2026;-15,00EUR;3.572,52EUR
BARRIL HOUSE S.L.;03/04/2026;-5,00EUR;3.587,52EUR
ALIMENTACION TORR;03/04/2026;-5,74EUR;3.592,52EUR
PAGO TRANSFERENCIAS;03/04/2026;-397,80EUR;3.598,26EUR
PAYPAL *ITUNESAPP;01/04/2026;-4,49EUR;3.996,06EUR
Ahorros MyInvesto;01/04/2026;-1.235,00EUR;4.000,55EUR
Ahorros TR;01/04/2026;-2.500,00EUR;5.235,55EUR
GAIA GEST.DEP.;01/04/2026;-28,39EUR;7.735,55EUR
TRANSF. A SU FAVOR;31/03/2026;2.359,50EUR;7.763,94EUR
TGSS.COTIZACI.;31/03/2026;-205,86EUR;5.404,44EUR
CONSUM TORRENTE A;30/03/2026;-10,99EUR;5.610,30EUR
UDACO;29/03/2026;-2,10EUR;5.621,29EUR
SUMA TORRENT;29/03/2026;-5,49EUR;5.623,39EUR
LIDL LIDL TORRENT;28/03/2026;-7,63EUR;5.628,88EUR
LA TERRACITA;28/03/2026;-4,30EUR;5.636,51EUR
CEX TORRENT;27/03/2026;-4,00EUR;5.640,81EUR
BIZUM RECIBIDO;27/03/2026;17,50EUR;5.644,81EUR
CONSUM TORRENTE A;26/03/2026;-4,99EUR;5.627,31EUR
Klarna*Privalia;25/03/2026;-37,12EUR;5.632,30EUR
BIZUM RECIBIDO;24/03/2026;13,60EUR;5.669,42EUR
BK23758 ALFAFAR I;24/03/2026;-18,06EUR;5.655,82EUR
TPV ROIG ARENA 1;24/03/2026;-2,00EUR;5.673,88EUR
Seguro coche e im;24/03/2026;-467,00EUR;5.675,88EUR
APPLE.COM/BILL;24/03/2026;-2,99EUR;6.142,88EUR
TEIKA;22/03/2026;0,15EUR;6.145,87EUR
TEIKA;22/03/2026;-1,30EUR;6.145,72EUR
LIDL ALDAYA CENTR;21/03/2026;-6,21EUR;6.147,02EUR
TRANSF. A SU FAVOR;23/03/2026;4.377,83EUR;6.153,23EUR
BIZUM RECIBIDO;20/03/2026;9,75EUR;1.775,40EUR
OFERPLAN - LAS PR;20/03/2026;-8,50EUR;1.765,65EUR
OFERPLAN - LAS PR;20/03/2026;-5,50EUR;1.774,15EUR
STARBUCKS APP ES;20/03/2026;-5,80EUR;1.779,65EUR
VOLTERETA MANHATT;20/03/2026;-28,39EUR;1.785,45EUR
CURSOR USAGE  FEB;19/03/2026;-21,14EUR;1.813,84EUR
PIROTECNIAS VALEN;19/03/2026;-7,00EUR;1.834,98EUR
TALL S BARBER SHO;17/03/2026;-15,00EUR;1.841,98EUR
CURSOR, AI POWERE;17/03/2026;-63,86EUR;1.856,98EUR
TRANSF. A SU FAVOR;17/03/2026;188,10EUR;1.920,84EUR
WWW.AMAZON;16/03/2026;-42,60EUR;1.732,74EUR
STARBUCKS APP ES;15/03/2026;-4,10EUR;1.775,34EUR
BK17519 BONAIRE;14/03/2026;-15,63EUR;1.779,44EUR
FGV VALENCIA 11;14/03/2026;-5,40EUR;1.795,07EUR
EL CORTE INGLES P;14/03/2026;-169,00EUR;1.800,47EUR
GROSSO NAPOLETANO;14/03/2026;-20,98EUR;1.969,47EUR
MERCADONA C/ LAUR;14/03/2026;-3,13EUR;1.990,45EUR
VISIONLAB TORRENT;14/03/2026;-79,52EUR;1.993,58EUR
CONSUM TORRENTE A;12/03/2026;-17,90EUR;2.073,10EUR
TRANSF.DIVISAS;10/03/2026;105,00EUR;2.091,00EUR
CEX BENIMACLET;09/03/2026;-3,00EUR;1.986,00EUR
PLENERGY US 264 X;08/03/2026;-25,00EUR;1.989,00EUR
BIZUM ENVIADO;08/03/2026;-5,00EUR;2.014,00EUR
ONCE;08/03/2026;-2,00EUR;2.019,00EUR
CAFETERIA PARK CE;06/03/2026;-1,00EUR;2.021,00EUR
TRANSF. A SU FAVOR;04/03/2026;207,48EUR;2.022,00EUR
CONSUM TORRENT P.;03/03/2026;-8,80EUR;1.814,52EUR
TRASPASO;03/03/2026;855,00EUR;1.823,32EUR
TRANSFER INMEDIATA;03/03/2026;376,20EUR;968,32EUR
TRANSFER INMEDIATA;03/03/2026;376,20EUR;592,12EUR
PAGO TRANSFERENCIAS;03/03/2026;-397,80EUR;215,92EUR
GASEXPRESS TORREN;02/03/2026;-30,00EUR;613,72EUR
BIZUM ENVIADO;02/03/2026;-37,00EUR;643,72EUR
TRANSFER INMEDIATA;02/03/2026;54,11EUR;680,72EUR
TRASPASO;02/03/2026;148,20EUR;626,61EUR
GAIA GEST.DEP.;02/03/2026;-28,39EUR;478,41EUR
JAPPY RESTAURANTE;01/03/2026;-2,40EUR;506,80EUR
PAYPAL *ITUNESAPP;01/03/2026;-4,49EUR;509,20EUR
LIDL LIDL TORRENT;28/02/2026;-1,09EUR;513,69EUR
STARBUCKS APP ES;28/02/2026;-9,00EUR;514,78EUR
LIDL ALDAYA CENTR;28/02/2026;-4,62EUR;523,78EUR
BIZUM RECIBIDO;28/02/2026;13,30EUR;528,40EUR
HUNDRED;28/02/2026;-31,80EUR;515,10EUR
IKEA IBERICA, S.;28/02/2026;-1,80EUR;546,90EUR
IKEA VALENCIA FOO;28/02/2026;-4,49EUR;548,70EUR
KIOSKO AMPARO VAR;27/02/2026;-3,50EUR;553,19EUR
CAFETERIA RUSINYO;27/02/2026;-1,90EUR;556,69EUR
TGSS.COTIZACI.;27/02/2026;-205,86EUR;558,59EUR
CAFETERIA PARK CE;26/02/2026;-1,00EUR;764,45EUR
WWW.AMAZON;26/02/2026;-56,99EUR;765,45EUR
FreePrints;25/02/2026;-6,90EUR;822,44EUR
CONSUM TORRENT P.;24/02/2026;-2,58EUR;829,34EUR
BIZUM RECIBIDO;24/02/2026;25,00EUR;831,92EUR
APPLE.COM/BILL;24/02/2026;-2,99EUR;806,92EUR
BIZUM RECIBIDO;23/02/2026;20,00EUR;809,91EUR
ALIEXPRESS.COM;23/02/2026;-10,51EUR;789,91EUR
PAYPAL *MICROSOFT;23/02/2026;-20,00EUR;800,42EUR
BIZUM RECIBIDO;23/02/2026;72,00EUR;820,42EUR
CONSUM TORRENTE A;23/02/2026;-4,93EUR;748,42EUR
BAZAR MERCA YONG;23/02/2026;-9,99EUR;753,35EUR
Klarna*es.privali;23/02/2026;-37,12EUR;763,34EUR
AMAZON PAYMENT;23/02/2026;-181,18EUR;800,46EUR
PLENERGY US 0490;22/02/2026;-20,00EUR;981,64EUR
MDONALNDS ENLACES;21/02/2026;-13,62EUR;1.001,64EUR
ALCAMPO ZARAGOZA;21/02/2026;-2,74EUR;1.015,26EUR
EL CHAMPI ZARAGOZ;21/02/2026;-29,40EUR;1.018,00EUR
ANTIGUA CASA COLA;21/02/2026;-34,50EUR;1.047,40EUR
ONCE;21/02/2026;-2,00EUR;1.081,90EUR
CURSOR, AI POWERE;21/02/2026;3,77EUR;1.083,90EUR
RTE LOS LLANOS DE;21/02/2026;-15,55EUR;1.080,13EUR
HELADERIA CAFETER;20/02/2026;-3,00EUR;1.095,68EUR
RAMEN KITSUNE;20/02/2026;-35,70EUR;1.098,68EUR
COMPRA CON TARJETA;20/02/2026;-41,55EUR;1.134,38EUR
DEVOLUCION COMPRA;20/02/2026;120,00EUR;1.175,93EUR
GASEXPRESS TORREN;20/02/2026;-120,00EUR;1.055,93EUR
AMAZON PAYMENT;20/02/2026;-556,69EUR;1.175,93EUR
TALL S BARBER SHO;19/02/2026;-15,00EUR;1.732,62EUR
PcComponentes;18/02/2026;-148,00EUR;1.747,62EUR
BIZUM RECIBIDO;18/02/2026;80,00EUR;1.895,62EUR
BIZUM RECIBIDO;18/02/2026;40,00EUR;1.815,62EUR
AIRBNB * HMX2PJXW;18/02/2026;-163,91EUR;1.775,62EUR
CURSOR, AI POWERE;17/02/2026;-63,86EUR;1.939,53EUR
CURSOR USAGE MID;17/02/2026;-20,43EUR;2.003,39EUR
Alquiler;17/02/2026;-397,80EUR;2.023,82EUR
BIZUM ENVIADO;17/02/2026;-290,14EUR;2.421,62EUR
TRANSF.DIVISAS;16/02/2026;2.000,14EUR;2.711,76EUR
BIZUM ENVIADO;15/02/2026;-8,00EUR;711,62EUR
EXPFERNANDOELCATO;15/02/2026;-0,63EUR;719,62EUR
SQ *NINETYNINE CH;15/02/2026;-0,99EUR;720,25EUR
RESTAURANTE BEGIN;15/02/2026;-24,15EUR;721,24EUR
T582 BELROS CALLE;15/02/2026;-14,61EUR;745,39EUR
Revolut**1200*;14/02/2026;-50,00EUR;760,00EUR
STARBUCKS APP ES;14/02/2026;-5,80EUR;810,00EUR
BIZUM RECIBIDO;14/02/2026;17,00EUR;815,80EUR
US377A PLENERGY M;14/02/2026;-20,00EUR;798,80EUR
IKEA VALENCIA HFB;14/02/2026;-28,44EUR;818,80EUR
Google One;14/02/2026;-21,99EUR;847,24EUR
LOS ABETOS SALONE;14/02/2026;-24,40EUR;869,23EUR
LIDL LIDL TORRENT;13/02/2026;-13,90EUR;893,63EUR
CONSUM TORRENTE A;13/02/2026;-5,72EUR;907,53EUR
CONSUM TORRENTE A;12/02/2026;-9,26EUR;913,25EUR
ANUL.DEVOL.MGP*Wa;09/02/2026;-132,68EUR;922,51EUR
Ahorros;09/02/2026;-400,00EUR;1.055,19EUR
Ahorros Inversion;09/02/2026;-4.000,00EUR;1.455,19EUR
BIZUM ENVIADO;08/02/2026;-12,00EUR;5.455,19EUR
www.groupon.es;08/02/2026;-16,39EUR;5.467,19EUR
BIZUM RECIBIDO;08/02/2026;8,50EUR;5.483,58EUR
METRO DE MADRID S;07/02/2026;-9,80EUR;5.475,08EUR
MERCADONA P DE LA;07/02/2026;-1,40EUR;5.484,88EUR
MERCADONA P DE LA;07/02/2026;-1,40EUR;5.486,28EUR
VLC J.SOROLLA EST;07/02/2026;-2,55EUR;5.487,68EUR
TRANSF. A SU FAVOR;09/02/2026;68,40EUR;5.490,23EUR
TRANSF. A SU FAVOR;09/02/2026;207,48EUR;5.421,83EUR
CONSUM TORRENTE A;06/02/2026;-6,13EUR;5.214,35EUR
STARBUCKS APP ES;05/02/2026;-2,90EUR;5.220,48EUR
TRANSFER INMEDIATA;04/02/2026;1.411,10EUR;5.223,38EUR
TRANSFER INMEDIATA;04/02/2026;1.000,00EUR;3.812,28EUR
TRANSF. A SU FAVOR;03/02/2026;1.991,42EUR;2.812,28EUR
CHAMARTIN EST. BU;02/02/2026;-4,44EUR;820,86EUR
MERCADONA C. MA;02/02/2026;-5,55EUR;825,30EUR
GAIA GEST.DEP.;02/02/2026;-28,39EUR;830,85EUR
PAYPAL *ITUNESAPP;01/02/2026;-4,49EUR;859,24EUR
BIZUM ENVIADO;31/01/2026;-50,00EUR;863,73EUR
LIDL MERIDA;31/01/2026;-2,75EUR;913,73EUR
LIDL MERIDA;31/01/2026;-12,82EUR;916,48EUR
MGP*Wallapop S 04;31/01/2026;132,68EUR;929,30EUR
E.S. TRAEXA;31/01/2026;-3,74EUR;796,62EUR
BIZUM ENVIADO;31/01/2026;-8,50EUR;800,36EUR
MUSSA;30/01/2026;-9,00EUR;808,86EUR
BIZUM RECIBIDO;30/01/2026;110,00EUR;817,86EUR
IMPUESTOS AEAT;30/01/2026;-3.780,00EUR;707,86EUR
PULL AND BEAR;30/01/2026;-3,94EUR;4.487,86EUR
MERCADONA CC PRIN;30/01/2026;-1,60EUR;4.491,80EUR
MERCADONA CC PRIN;30/01/2026;-1,60EUR;4.493,40EUR
TGSS.COTIZACI.;30/01/2026;-205,86EUR;4.495,00EUR
PullandBear.com;29/01/2026;-16,38EUR;4.700,86EUR
PullandBear.com;27/01/2026;25,57EUR;4.717,24EUR
CONSUM TORRENTE A;28/01/2026;-9,58EUR;4.691,67EUR
DECATHLON BONAIRE;28/01/2026;-19,96EUR;4.701,25EUR
Alquiler Restante;28/01/2026;-7,80EUR;4.721,21EUR
TRANSF. A SU FAVOR;28/01/2026;114,66EUR;4.729,01EUR
PullandBear.com;27/01/2026;-25,57EUR;4.614,35EUR
Alquiler Oficina;26/01/2026;-390,00EUR;4.639,92EUR
Ahorros;25/01/2026;-850,00EUR;5.029,92EUR
PULL AND BEAR;24/01/2026;-21,87EUR;5.879,92EUR
CURSOR, AI POWERE;24/01/2026;-20,64EUR;5.901,79EUR
APPLE.COM/BILL;24/01/2026;-2,99EUR;5.922,43EUR
TRANSF. A SU FAVOR;26/01/2026;933,66EUR;5.925,42EUR
CONSUM TORRENT P.;23/01/2026;-3,19EUR;4.991,76EUR
VISIONLAB TORRENT;23/01/2026;-5,40EUR;4.994,95EUR
Envio de dinero -;23/01/2026;-1.000,00EUR;5.000,35EUR
Envio de dinero -;23/01/2026;-1.237,00EUR;6.000,35EUR
BIZUM RECIBIDO;23/01/2026;10,00EUR;7.237,35EUR
TALL S BARBER SHO;23/01/2026;-15,00EUR;7.227,35EUR
BIZUM RECIBIDO;23/01/2026;21,00EUR;7.242,35EUR
SCALAPAY* SHEIN;21/01/2026;-20,07EUR;7.221,35EUR
BIZUM ENVIADO;20/01/2026;-9,27EUR;7.241,42EUR
PLENERGY US 506 X;20/01/2026;-40,00EUR;7.250,69EUR
IRPF MOD. 115;20/01/2026;-37,05EUR;7.290,69EUR
MES QUE DOLC;18/01/2026;-3,60EUR;7.327,74EUR
LIDL LIDL TORRENT;17/01/2026;-3,20EUR;7.331,34EUR
LIDL VARA DE QUAR;17/01/2026;-14,39EUR;7.334,54EUR
GRAN TURIA;17/01/2026;-1,00EUR;7.348,93EUR
6227 Xirivella;17/01/2026;-1,59EUR;7.349,93EUR
MERCADONA CC LAS;16/01/2026;-11,25EUR;7.351,52EUR
Google One;15/01/2026;-21,99EUR;7.362,77EUR
TRASPASO;15/01/2026;1.475,85EUR;7.384,76EUR
TRAINLINE;15/01/2026;-74,20EUR;5.908,91EUR
TRAINLINE;15/01/2026;-60,00EUR;5.983,11EUR
BIZUM RECIBIDO;14/01/2026;65,00EUR;6.043,11EUR
TRANSFER INMEDIATA;14/01/2026;752,40EUR;5.978,11EUR
Revolut**1200*;12/01/2026;-26,00EUR;5.225,71EUR
TRANSFER INMEDIATA;12/01/2026;615,60EUR;5.251,71EUR
TRASPASO;12/01/2026;163,02EUR;4.636,11EUR
ALIEXPRESS.COM;11/01/2026;-14,47EUR;4.473,09EUR
LIDL LIDL TORRENT;10/01/2026;-4,88EUR;4.487,56EUR
STARBUCKS APP ES;10/01/2026;-9,00EUR;4.492,44EUR
MERCADONA AVINGUD;10/01/2026;-3,65EUR;4.501,44EUR
TRANSF. A SU FAVOR;12/01/2026;85,50EUR;4.505,09EUR
SITVAL ONLINE ZON;09/01/2026;-56,15EUR;4.419,59EUR
TRANSF. A SU FAVOR;09/01/2026;207,48EUR;4.475,74EUR
CONSUM TORRENTE A;08/01/2026;-9,88EUR;4.268,26EUR
FNAC BONAIRE;05/01/2026;14,99EUR;4.278,14EUR
MEDIA MARKT QUART;05/01/2026;-99,99EUR;4.263,15EUR
BIZUM ENVIADO;04/01/2026;-10,00EUR;4.363,14EUR
BIZUM ENVIADO;04/01/2026;-12,00EUR;4.373,14EUR
BIZUM ENVIADO;04/01/2026;-12,00EUR;4.385,14EUR
BAZAR MERCA YONG;04/01/2026;-4,15EUR;4.397,14EUR
BIZUM RECIBIDO;03/01/2026;8,50EUR;4.401,29EUR
MC DONALD'S TORRE;03/01/2026;-16,32EUR;4.392,79EUR
NORMAL ALDAIA,;03/01/2026;-4,10EUR;4.409,11EUR
HORNO ANCHEL;03/01/2026;-2,10EUR;4.413,21EUR
Revolut**1200*;03/01/2026;-10,00EUR;4.415,31EUR
ENEBA.COM;03/01/2026;-0,43EUR;4.425,31EUR
BIZUM RECIBIDO;03/01/2026;30,00EUR;4.425,74EUR
FNAC BONAIRE;02/01/2026;-53,97EUR;4.395,74EUR
NATURA BONAIRE;02/01/2026;-23,80EUR;4.449,71EUR
BERSHKA;02/01/2026;-35,09EUR;4.473,51EUR
JD SPAIN SPORTS F;02/01/2026;-65,20EUR;4.508,60EUR
GAIA GEST.DEP.;02/01/2026;-28,39EUR;4.573,80EUR
ALIMENTACION TORR;01/01/2026;-9,86EUR;4.602,19EUR
REINT.CAJERO;01/01/2026;-20,00EUR;4.612,05EUR
Google ADS5479024;01/01/2026;-26,14EUR;4.632,05EUR
PAYPAL *ITUNESAPP;01/01/2026;-4,49EUR;4.658,19EUR
TGSS.COTIZACI.;31/12/2025;-205,21EUR;4.662,68EUR
Alquiler Entrepla;30/12/2025;-198,90EUR;4.867,89EUR
CAFETERIA PARK CE;29/12/2025;-1,50EUR;5.066,79EUR
TRASPASO;29/12/2025;3.600,00EUR;5.068,29EUR
Traspaso;29/12/2025;-3.600,00EUR;1.468,29EUR
LIDL LIDL TORRENT;27/12/2025;-3,19EUR;5.068,29EUR
EL CORTE INGLES A;27/12/2025;-2,87EUR;5.071,48EUR
CONSUM TORRENT P.;27/12/2025;-8,93EUR;5.074,35EUR
RUSTIC;27/12/2025;-4,60EUR;5.083,28EUR
DRUNI;27/12/2025;-1,99EUR;5.087,88EUR
OCINE AQUA;27/12/2025;-19,80EUR;5.089,87EUR
BIZUM RECIBIDO;27/12/2025;9,90EUR;5.109,67EUR
SALERO;26/12/2025;-7,50EUR;5.099,77EUR
GASEXPRESS TORREN;26/12/2025;-20,00EUR;5.107,27EUR
Jysk Torrent;26/12/2025;-13,16EUR;5.127,27EUR
FAMILYCASH TORREN;26/12/2025;-25,75EUR;5.140,43EUR
CURSOR USAGE  NOV;26/12/2025;-9,00EUR;5.166,18EUR
CURSOR, AI POWERE;24/12/2025;-17,02EUR;5.175,18EUR
TALL S BARBER SHO;24/12/2025;-15,00EUR;5.192,20EUR
APPLE.COM/BILL;24/12/2025;-2,99EUR;5.207,20EUR
BIZUM ENVIADO;23/12/2025;-33,00EUR;5.210,19EUR
CAFETERIA PARK CE;22/12/2025;-1,00EUR;5.243,19EUR
VISIONLAB TORRENT;22/12/2025;-29,00EUR;5.244,19EUR
CAFETERIA PARK CE;21/12/2025;-1,50EUR;5.273,19EUR
BIZUM RECIBIDO;20/12/2025;15,40EUR;5.274,69EUR
LA TRINCHERA;20/12/2025;-37,80EUR;5.259,29EUR
Patri Andreu Blan;20/12/2025;-3,50EUR;5.297,09EUR
COLORINES;20/12/2025;-3,50EUR;5.300,59EUR
CONSUM TORRENTE A;20/12/2025;-1,94EUR;5.304,09EUR
MERCADONA AVINGUD;20/12/2025;-7,59EUR;5.306,03EUR
PEPCO 241146 TORR;20/12/2025;-4,00EUR;5.313,62EUR
RUSTIC;20/12/2025;-4,80EUR;5.317,62EUR
BAZAR MERCA YONG;20/12/2025;-6,99EUR;5.322,42EUR
PAYPAL *MAKSU 135;19/12/2025;-3,54EUR;5.329,41EUR
LIDL VARA DE QUAR;19/12/2025;-12,16EUR;5.332,95EUR
BIZUM RECIBIDO;19/12/2025;70,00EUR;5.345,11EUR
MAIZ Y CASTAÑAS;19/12/2025;-3,00EUR;5.275,11EUR
CONSUM TORRENTE A;17/12/2025;-7,47EUR;5.278,11EUR
TRASPASO;16/12/2025;1.500,00EUR;5.285,58EUR
CONSUM TORRENTE A;15/12/2025;-16,38EUR;3.785,58EUR
RUSTIC;14/12/2025;-3,00EUR;3.801,96EUR
MEDIA MARKT ALFAF;13/12/2025;-78,88EUR;3.804,96EUR
IKEA VALENCIA HFB;13/12/2025;-70,65EUR;3.883,84EUR
IKEA VALENCIA FOO;13/12/2025;-4,23EUR;3.954,49EUR
BALLENOIL TORRENT;13/12/2025;-30,00EUR;3.958,72EUR
CAFETERIA PARK CE;13/12/2025;-1,60EUR;3.988,72EUR
LIDL ALDAYA CENTR;12/12/2025;-5,95EUR;3.990,32EUR
CONSUM TORRENTE A;12/12/2025;-4,83EUR;3.996,27EUR
NEW XIMO 3;12/12/2025;-1,90EUR;4.001,10EUR
MES QUE DOLC;11/12/2025;-5,30EUR;4.003,00EUR
BIZUM ENVIADO;11/12/2025;-44,00EUR;4.008,30EUR
Jysk Torrent;09/12/2025;-226,77EUR;4.052,30EUR
TRANSFER INMEDIATA;09/12/2025;1.259,70EUR;4.279,07EUR
MONUMENTAL MANTEN;08/12/2025;-7,00EUR;3.019,37EUR
LIDL VARA DE QUAR;06/12/2025;-5,69EUR;3.026,37EUR
PARKING CALLE JES;06/12/2025;-3,40EUR;3.032,06EUR
BEGIN ALAMEDA;06/12/2025;-49,50EUR;3.035,46EUR
CARREFOUR SALER;06/12/2025;-2,84EUR;3.084,96EUR
ONCE;06/12/2025;-2,00EUR;3.087,80EUR
TRANSF. A SU FAVOR;08/12/2025;171,00EUR;3.089,80EUR
IKEA VALENCIA HFB;05/12/2025;-240,16EUR;2.918,80EUR
CONSUM TORRENTE A;05/12/2025;-6,08EUR;3.158,96EUR
MES QUE DOLC;04/12/2025;-7,30EUR;3.165,04EUR
Fianza Adrian Poz;04/12/2025;-780,00EUR;3.172,34EUR
CURSOR USAGE MID;03/12/2025;-17,26EUR;3.952,34EUR
MES QUE DOLC;03/12/2025;-1,70EUR;3.969,60EUR
TRANSFER INMEDIATA;02/12/2025;1.185,60EUR;3.971,30EUR
TRANSFER INMEDIATA;02/12/2025;376,20EUR;2.785,70EUR
TRANSF. A SU FAVOR;02/12/2025;296,40EUR;2.409,50EUR
PAYPAL *ITUNESAPP;01/12/2025;-4,49EUR;2.113,10EUR
Google ADS5479024;01/12/2025;-23,05EUR;2.117,59EUR
TRANSFER INMEDIATA;01/12/2025;1.126,32EUR;2.140,64EUR
TRASPASO;01/12/2025;414,96EUR;1.014,32EUR
GAIA GEST.DEP.;01/12/2025;-28,39EUR;599,36EUR
UDACO;30/11/2025;-2,50EUR;627,75EUR
BK27896 BENICALAP;29/11/2025;-23,34EUR;630,25EUR
ONCE;29/11/2025;-4,00EUR;653,59EUR
PULL AND BEAR;29/11/2025;-15,99EUR;657,59EUR
Klarna*Privalia;29/11/2025;-51,59EUR;673,58EUR
DECATHLON TORRENT;28/11/2025;-18,99EUR;725,17EUR
BAZAR MERCA YONG;28/11/2025;-20,14EUR;744,16EUR
CONSUM TORRENT P.;28/11/2025;-4,60EUR;764,30EUR
RUSTIC;28/11/2025;-3,20EUR;768,90EUR
AIRBNB * HMKS8J5R;28/11/2025;32,63EUR;772,10EUR
TGSS.COTIZACI.;28/11/2025;-205,21EUR;739,47EUR
TALL S BARBER SHO;26/11/2025;-15,00EUR;944,68EUR
CURSOR USAGE  OCT;25/11/2025;-8,49EUR;959,68EUR
APPLE.COM/BILL;24/11/2025;-2,99EUR;968,17EUR
CURSOR, AI POWERE;23/11/2025;-17,41EUR;971,16EUR
Vending Orain;23/11/2025;-1,00EUR;988,57EUR
CONSENTIDA PUB SL;23/11/2025;-6,00EUR;989,57EUR
IBERIAN KEBAB;22/11/2025;-5,00EUR;995,57EUR
BALLENOIL TORRENT;22/11/2025;-30,00EUR;1.000,57EUR
Google ADS5479024;21/11/2025;-50,00EUR;1.030,57EUR
PAYPAL *SPOTIFY*P;15/11/2025;-11,99EUR;1.080,57EUR
FNAC BONAIRE;14/11/2025;-15,99EUR;1.092,56EUR
PRIMARK BONAIRE;14/11/2025;-9,15EUR;1.108,55EUR
BIZUM RECIBIDO;11/11/2025;30,00EUR;1.117,70EUR
LUDCAMPUS;11/11/2025;-60,00EUR;1.087,70EUR
Ahorros;10/11/2025;-6.000,00EUR;1.147,70EUR
Ahorros;10/11/2025;-2.000,00EUR;7.147,70EUR
TRANSFER INMEDIATA;10/11/2025;1.932,30EUR;9.147,70EUR
TRANSFER INMEDIATA;10/11/2025;1.790,90EUR;7.215,40EUR
LA TRINCHERA;08/11/2025;-21,00EUR;5.424,50EUR
SABORES DEL MUNDO;08/11/2025;-6,00EUR;5.445,50EUR
LIDL ALFAFAR;07/11/2025;-9,68EUR;5.451,50EUR
IKEA VALENCIA FOO;07/11/2025;-3,97EUR;5.461,18EUR
MES QUE DOLC;06/11/2025;-3,40EUR;5.465,15EUR
CONSUM TORRENT P.;05/11/2025;-5,61EUR;5.468,55EUR
TRASPASO;04/11/2025;548,34EUR;5.474,16EUR
TRASPASO;04/11/2025;2.232,00EUR;4.925,82EUR
GAIA GEST.DEP.;03/11/2025;-28,39EUR;2.693,82EUR
LEVANTE U.D. S.A.;02/11/2025;-11,95EUR;2.722,21EUR
BIZUM RECIBIDO;02/11/2025;13,30EUR;2.734,16EUR
BIZUM RECIBIDO;01/11/2025;7,00EUR;2.720,86EUR
T CHAMPIONS BURGE;01/11/2025;-2,00EUR;2.713,86EUR
THE CHAMPIONS BUR;01/11/2025;-12,95EUR;2.715,86EUR
AQUANET CENTROS D;01/11/2025;-1,00EUR;2.728,81EUR
AQUANET CENTROS D;01/11/2025;-1,00EUR;2.729,81EUR
AQUANET CENTROS D;01/11/2025;-1,00EUR;2.730,81EUR
Google ADS5479024;01/11/2025;-24,84EUR;2.731,81EUR
TRANSF. A SU FAVOR;03/11/2025;207,48EUR;2.756,65EUR
AHORRACASH SUPERM;31/10/2025;-4,44EUR;2.549,17EUR
Revolut**1200*;31/10/2025;-0,93EUR;2.553,61EUR
TGSS.COTIZACI.;31/10/2025;-205,21EUR;2.554,54EUR
KLARNA* PRIVALIA;30/10/2025;-51,59EUR;2.759,75EUR
TALL S BARBER SHO;29/10/2025;-15,00EUR;2.811,34EUR
MES QUE DOLC;29/10/2025;-1,10EUR;2.826,34EUR
CURSOR USAGE  OCT;29/10/2025;-3,62EUR;2.827,44EUR
TRASPASO;29/10/2025;1.185,60EUR;2.831,06EUR
TRANSF. A SU FAVOR;28/10/2025;933,66EUR;1.645,46EUR
UDACO;26/10/2025;-6,10EUR;711,80EUR
CONSUM TORRENT P.;25/10/2025;-1,73EUR;717,90EUR
LIDL LIDL TORRENT;25/10/2025;-15,50EUR;719,63EUR
CAFETERIA LA LECH;25/10/2025;-4,85EUR;735,13EUR
BIZUM RECIBIDO;25/10/2025;9,50EUR;739,98EUR
IL TOPPINO;25/10/2025;-22,00EUR;730,48EUR
BIZUM ENVIADO;24/10/2025;-2,80EUR;752,48EUR
GAME STORES IBERI;24/10/2025;-12,99EUR;755,28EUR
APPLE.COM/BILL;24/10/2025;-2,99EUR;768,27EUR
CURSOR, AI POWERE;23/10/2025;-17,28EUR;771,26EUR
HORNO ANAYA T4;23/10/2025;-5,65EUR;788,54EUR
BIZUM ENVIADO;22/10/2025;-28,98EUR;794,19EUR
BIZUM ENVIADO;20/10/2025;-3,20EUR;823,17EUR
BEGIN RAMON LLULL;20/10/2025;-12,87EUR;826,37EUR
FGV VALENCIA SI;20/10/2025;-5,40EUR;839,24EUR
I.V.A. MOD.303;20/10/2025;-3.149,77EUR;844,64EUR
Google ADS5479024;19/10/2025;-10,00EUR;3.994,41EUR
BALLENOIL TORRENT;19/10/2025;-25,00EUR;4.004,41EUR
B & C;19/10/2025;-7,10EUR;4.029,41EUR
LA TABERNA DEL ES;19/10/2025;-2,00EUR;4.036,51EUR
LA TABERNA DEL ES;19/10/2025;-18,00EUR;4.038,51EUR
PURO VICIO CAKES;18/10/2025;-5,00EUR;4.056,51EUR
DIA RETAIL ESPAãA;18/10/2025;-12,08EUR;4.061,51EUR
LICENCIA 1646;18/10/2025;-18,00EUR;4.073,59EUR
OKTOBERFEST;17/10/2025;-47,00EUR;4.091,59EUR
THE BRONSON BAR;17/10/2025;-18,10EUR;4.138,59EUR
DIA RETAIL ESPAãA;17/10/2025;-4,40EUR;4.156,69EUR
AMBROSIO Y JUSTIN;17/10/2025;-1,70EUR;4.161,09EUR
PEPCO 241146 TORR;16/10/2025;-5,00EUR;4.162,79EUR
DRUNI C C BONAIRE;16/10/2025;-10,55EUR;4.167,79EUR
NORMAL ALDAIA,;16/10/2025;-16,80EUR;4.178,34EUR
PRIMARK BONAIRE;16/10/2025;-31,15EUR;4.195,14EUR
STARBUCKS APP ES;16/10/2025;-2,90EUR;4.226,29EUR
BALLENOIL TORRENT;16/10/2025;-50,00EUR;4.229,19EUR
BIZUM ENVIADO;15/10/2025;-62,00EUR;4.279,19EUR
WORKANA LLC;14/10/2025;-35,10EUR;4.341,19EUR
HUNDRED - LOCAL 1;11/10/2025;-31,50EUR;4.376,29EUR
PAYPAL *MAKSU 117;11/10/2025;-1,66EUR;4.407,79EUR
PRIMARK VALENCIA;11/10/2025;-2,00EUR;4.409,45EUR
CEX RUZAFA;11/10/2025;-7,00EUR;4.411,45EUR
BIZUM RECIBIDO;11/10/2025;3,00EUR;4.418,45EUR
STARBUCKS APP ES;11/10/2025;-5,80EUR;4.415,45EUR
CONSUM TORRENT P.;10/10/2025;-1,49EUR;4.421,25EUR
DA HOME;10/10/2025;-14,99EUR;4.422,74EUR
MIDIA TORRENTE;10/10/2025;-6,48EUR;4.437,73EUR
RUSTIC;10/10/2025;-6,00EUR;4.444,21EUR
Ahorros MyInvesto;08/10/2025;-1.863,00EUR;4.450,21EUR
Revolut**1200*;08/10/2025;-110,00EUR;6.313,21EUR
Cuenta Remunerada;08/10/2025;-500,00EUR;6.423,21EUR
TRANSF. A SU FAVOR;08/10/2025;1.658,70EUR;6.923,21EUR
Revolut**1200*;07/10/2025;-1,21EUR;5.264,51EUR
Revolut**1200*;06/10/2025;-4,99EUR;5.265,72EUR
TRASPASO;06/10/2025;1.511,64EUR;5.270,71EUR
EL RINCON DE LEON;05/10/2025;-4,60EUR;3.759,07EUR
BIZUM ENVIADO;04/10/2025;-12,30EUR;3.763,67EUR
LEROY MERLIN ALDA;04/10/2025;-29,99EUR;3.775,97EUR
PAYPAL *MAKSU 115;03/10/2025;-2,47EUR;3.805,96EUR
TRASPASO;03/10/2025;1.007,76EUR;3.808,43EUR
MERCADONA C/ LAUR;03/10/2025;-1,64EUR;2.800,67EUR
DRUNI ESLAVA;03/10/2025;-9,99EUR;2.802,31EUR
PUESTO FLORES NUM;03/10/2025;-4,00EUR;2.812,30EUR
AYRES CUYANOS SLU;03/10/2025;-5,50EUR;2.816,30EUR
HORNO ANAYA T4;02/10/2025;-3,40EUR;2.821,80EUR
TRANSFER INMEDIATA;02/10/2025;254,10EUR;2.825,20EUR
TRANSF. A SU FAVOR;02/10/2025;266,76EUR;2.571,10EUR
GAIA GEST.DEP.;01/10/2025;-28,39EUR;2.304,34EUR
TRANSF. A SU FAVOR;01/10/2025;1.343,34EUR;2.332,73EUR
BIZUM RECIBIDO;30/09/2025;5,00EUR;989,39EUR
LIDL LIDL TORRENT;30/09/2025;-2,64EUR;984,39EUR
MONUMENTAL MANTEN;30/09/2025;-7,00EUR;987,03EUR
BIZUM RECIBIDO;30/09/2025;13,30EUR;994,03EUR
KLARNA AB;30/09/2025;-51,59EUR;980,73EUR
TGSS.COTIZACI.;30/09/2025;-205,21EUR;1.032,32EUR
RUSTIC;28/09/2025;-5,60EUR;1.237,53EUR
BIZUM RECIBIDO;27/09/2025;5,00EUR;1.243,13EUR
SALERO;27/09/2025;-26,60EUR;1.238,13EUR
BIZUM RECIBIDO;27/09/2025;15,00EUR;1.264,73EUR
TECHFUN;27/09/2025;-21,00EUR;1.249,73EUR
DRUNI;27/09/2025;-1,69EUR;1.270,73EUR
CONSUM TORRENT P.;27/09/2025;-8,81EUR;1.272,42EUR
PAYPAL *MAKSU 113;26/09/2025;-1,46EUR;1.281,23EUR
WORKANA LLC;26/09/2025;-4,21EUR;1.282,69EUR
STARBUCKS APP ES;26/09/2025;-6,31EUR;1.286,90EUR
APPLE.COM/BILL;24/09/2025;-2,99EUR;1.293,21EUR
TECHFUN;23/09/2025;-5,00EUR;1.296,20EUR
CURSOR, AI POWERE;23/09/2025;-17,06EUR;1.301,20EUR
TALL S BARBER SHO;22/09/2025;-15,00EUR;1.318,26EUR
BK18559 TORRENTE;20/09/2025;-12,92EUR;1.333,26EUR
LIDL LIDL TORRENT;20/09/2025;-1,41EUR;1.346,18EUR
BALLENOIL TORRENT;20/09/2025;-30,00EUR;1.347,59EUR
BIZUM RECIBIDO;20/09/2025;4,00EUR;1.377,59EUR
TEMPLO DEL MASAJE;20/09/2025;7,50EUR;1.373,59EUR
STARBUCKS APP ES;20/09/2025;-8,72EUR;1.366,09EUR
T479 EL SALER PL1;19/09/2025;-1,50EUR;1.374,81EUR
BIZUM RECIBIDO;19/09/2025;5,00EUR;1.376,31EUR
OFERPLAN - LAS PR;19/09/2025;-11,00EUR;1.371,31EUR
DONDOMINIO-MRDOMA;15/09/2025;-8,41EUR;1.382,31EUR
PAYPAL *SPOTIFY*P;15/09/2025;-6,00EUR;1.390,72EUR
PAYPAL *MAKSU 110;13/09/2025;-1,81EUR;1.396,72EUR
LIDL VARA DE QUAR;13/09/2025;-4,79EUR;1.398,53EUR
STARBUCKS APP ES;13/09/2025;-3,20EUR;1.403,32EUR
BIZUM RECIBIDO;12/09/2025;5,00EUR;1.406,52EUR
LIDL LIDL TORRENT;12/09/2025;-9,89EUR;1.401,52EUR
GRAN TURIA;12/09/2025;-1,00EUR;1.411,41EUR
GRAN TURIA;12/09/2025;-1,00EUR;1.412,41EUR
GRAN TURIA;12/09/2025;-1,00EUR;1.413,41EUR
GRAN TURIA;12/09/2025;-1,00EUR;1.414,41EUR
GRAN TURIA;12/09/2025;-1,00EUR;1.415,41EUR
GRAN TURIA;12/09/2025;-1,00EUR;1.416,41EUR
GRAN TURIA;12/09/2025;-1,00EUR;1.417,41EUR
GRAN TURIA;12/09/2025;-1,00EUR;1.418,41EUR
MC DONALDS XIRIVE;12/09/2025;-4,55EUR;1.419,41EUR
MES QUE DOLC;11/09/2025;-7,20EUR;1.423,96EUR
TEMPLO DEL MASAJE;10/09/2025;-7,50EUR;1.431,16EUR
MES QUE DOLC;10/09/2025;-1,10EUR;1.438,66EUR
Ahorros;10/09/2025;-1.000,00EUR;1.439,76EUR
Ahorro MyInvestor;10/09/2025;-1.900,00EUR;2.439,76EUR
Revolut**1200*;10/09/2025;-150,00EUR;4.339,76EUR
MES QUE DOLC;09/09/2025;-1,10EUR;4.489,76EUR
TRANSF. A SU FAVOR;09/09/2025;3.163,50EUR;4.490,86EUR
REINT.CAJERO;07/09/2025;-40,00EUR;1.327,36EUR
BEGIN ALAMEDA;06/09/2025;-29,10EUR;1.367,36EUR
BIZUM RECIBIDO;06/09/2025;19,00EUR;1.396,46EUR
RACO DE VALENCIA;06/09/2025;-9,00EUR;1.377,46EUR
CARREFOUR SALER;06/09/2025;-13,43EUR;1.386,46EUR
CONSUM TORRENT P.;06/09/2025;-7,86EUR;1.399,89EUR
SOL DEL SUR;05/09/2025;-5,00EUR;1.407,75EUR
BIZUM RECIBIDO;05/09/2025;4,00EUR;1.412,75EUR
LIDL ALFAFAR;05/09/2025;-7,83EUR;1.408,75EUR
DONDOMINIO-MRDOMA;04/09/2025;-8,41EUR;1.416,58EUR
BIZUM RECIBIDO;04/09/2025;7,00EUR;1.424,99EUR
PAYPAL *NINTENDO;04/09/2025;-2,19EUR;1.417,99EUR
AIRBNB * HMKS8J5R;03/09/2025;-32,63EUR;1.420,18EUR
MES QUE DOLC;03/09/2025;-1,10EUR;1.452,81EUR
UDACO;02/09/2025;-3,50EUR;1.453,91EUR
TRASPASO;02/09/2025;459,42EUR;1.457,41EUR
TRANSF. A SU FAVOR;02/09/2025;355,68EUR;997,99EUR
UDACO;01/09/2025;-2,00EUR;642,31EUR
GAIA GEST.DEP.;01/09/2025;-28,39EUR;644,31EUR
BIZUM RECIBIDO;31/08/2025;3,00EUR;672,70EUR
LIDL BENICASSIM;31/08/2025;-6,46EUR;669,70EUR
BALLENOIL TORRENT;31/08/2025;-25,00EUR;676,16EUR
BIZUM RECIBIDO;31/08/2025;7,00EUR;701,16EUR
HORNO ANAYA T4;31/08/2025;-6,35EUR;694,16EUR
FORN DE CULLA S.L;30/08/2025;-1,95EUR;700,51EUR
BIZUM RECIBIDO;30/08/2025;25,00EUR;702,46EUR
BIZUM RECIBIDO;30/08/2025;8,00EUR;677,46EUR
BIZUM RECIBIDO;29/08/2025;9,45EUR;669,46EUR
BK17372 ELCHE ALT;29/08/2025;-24,92EUR;660,01EUR
US264 PLENOIL XIR;29/08/2025;-35,00EUR;684,93EUR
TGSS.COTIZACI.;29/08/2025;-205,21EUR;719,93EUR
BIZUM RECIBIDO;28/08/2025;8,50EUR;925,14EUR
OFERPLAN - LAS PR;28/08/2025;-17,00EUR;916,64EUR
CONSUM TORRENT TO;26/08/2025;-6,78EUR;933,64EUR
WORKANA LLC;26/08/2025;-4,22EUR;940,42EUR
LOTERIA LA GRAN I;25/08/2025;-6,50EUR;944,64EUR
NORMAL ALDAIA,;25/08/2025;-4,90EUR;951,14EUR
BIZUM RECIBIDO;25/08/2025;40,00EUR;956,04EUR
CONSUM TORRENT P.;25/08/2025;-43,56EUR;916,04EUR
TALL S BARBER SHO;25/08/2025;-15,00EUR;959,60EUR
Business Prime;22/08/2025;59,29EUR;974,60EUR
PIZZERIA SAPORI D;24/08/2025;-8,50EUR;915,31EUR
APPLE.COM/BILL;24/08/2025;-2,99EUR;923,81EUR
CURSOR, AI POWERE;23/08/2025;-17,27EUR;926,80EUR
BIZUM RECIBIDO;23/08/2025;2,32EUR;944,07EUR
BIZUM RECIBIDO;23/08/2025;30,03EUR;941,75EUR
BIZUM RECIBIDO;23/08/2025;5,40EUR;911,72EUR
LA TERRACITA;23/08/2025;-7,40EUR;906,32EUR
BIZUM RECIBIDO;23/08/2025;67,50EUR;913,72EUR
BIZUM RECIBIDO;23/08/2025;36,34EUR;846,22EUR
VILLA SOFIA;23/08/2025;-173,90EUR;809,88EUR
BIZUM RECIBIDO;23/08/2025;3,20EUR;983,78EUR
BIZUM RECIBIDO;23/08/2025;7,00EUR;980,58EUR
BIZUM RECIBIDO;23/08/2025;5,00EUR;973,58EUR
CASSABIANCA BENIC;23/08/2025;-4,00EUR;968,58EUR
BIZUM ENVIADO;22/08/2025;-14,69EUR;972,58EUR
0046-CONSUM;22/08/2025;-24,20EUR;987,27EUR
ALCAMPO S A;22/08/2025;-12,47EUR;1.011,47EUR
BIZUM ENVIADO;22/08/2025;-3,80EUR;1.023,94EUR
FOURVENUES;22/08/2025;-44,00EUR;1.027,74EUR
BIZUM RECIBIDO;22/08/2025;22,00EUR;1.071,74EUR
BALLENOIL TORRENT;22/08/2025;-15,00EUR;1.049,74EUR
HORNO ANAYA T4;22/08/2025;-3,30EUR;1.064,74EUR
BIZUM RECIBIDO;22/08/2025;30,00EUR;1.068,04EUR
LUDCAMPUS;22/08/2025;-60,00EUR;1.038,04EUR
SHULLUN HOTPOT &;21/08/2025;-26,38EUR;1.098,04EUR
Business Prime;20/08/2025;-59,29EUR;1.124,42EUR
LA TERRACITA;19/08/2025;-1,70EUR;1.183,71EUR
LA TERRACITA;19/08/2025;-1,80EUR;1.185,41EUR
LA TERRACITA;18/08/2025;-1,70EUR;1.187,21EUR
LA TERRACITA;18/08/2025;-1,80EUR;1.188,91EUR
BIZUM RECIBIDO;18/08/2025;5,20EUR;1.190,71EUR
BIZUM RECIBIDO;17/08/2025;16,00EUR;1.185,51EUR
LA TERRACITA;17/08/2025;-22,00EUR;1.169,51EUR
LA TERRACITA;17/08/2025;-1,80EUR;1.191,51EUR
BIZUM RECIBIDO;17/08/2025;5,20EUR;1.193,31EUR
BIZUM RECIBIDO;17/08/2025;5,34EUR;1.188,11EUR
LA SANTA BENICASI;17/08/2025;-9,00EUR;1.182,77EUR
E.S. RATLLA;16/08/2025;-35,00EUR;1.191,77EUR
BENICASIM AV GRAN;16/08/2025;-34,90EUR;1.226,77EUR
FOURVENUES;16/08/2025;-52,80EUR;1.261,67EUR
BIZUM RECIBIDO;16/08/2025;16,00EUR;1.314,47EUR
BIZUM RECIBIDO;16/08/2025;17,60EUR;1.298,47EUR
BIZUM RECIBIDO;15/08/2025;7,07EUR;1.280,87EUR
FCIA M CARMEN CUB;15/08/2025;-5,20EUR;1.273,80EUR
LA TERRACITA;14/08/2025;-2,20EUR;1.279,00EUR
BIZUM ENVIADO;14/08/2025;-3,60EUR;1.281,20EUR
LA TERRACITA;14/08/2025;-5,60EUR;1.284,80EUR
BIZUM RECIBIDO;14/08/2025;6,40EUR;1.290,40EUR
BIZUM RECIBIDO;13/08/2025;5,90EUR;1.284,00EUR
MCDONALD'S LA SAL;13/08/2025;-24,08EUR;1.278,10EUR
WWW CINESA ES;13/08/2025;-25,60EUR;1.302,18EUR
BIZUM RECIBIDO;13/08/2025;6,37EUR;1.327,78EUR
BIZUM RECIBIDO;13/08/2025;6,40EUR;1.321,41EUR
LA TERRACITA;13/08/2025;-2,00EUR;1.315,01EUR
LA TERRACITA;11/08/2025;-3,00EUR;1.317,01EUR
BENICASIM AV GRAN;11/08/2025;-3,90EUR;1.320,01EUR
LA TERRACITA;10/08/2025;-1,80EUR;1.323,91EUR
BIZUM RECIBIDO;09/08/2025;11,00EUR;1.325,71EUR
LA TERRACITA;09/08/2025;-5,20EUR;1.314,71EUR
BIZUM RECIBIDO;09/08/2025;11,00EUR;1.319,91EUR
LA TERRACITA;09/08/2025;-3,20EUR;1.308,91EUR
LA SANTA BENICASI;09/08/2025;-6,00EUR;1.312,11EUR
BIZUM RECIBIDO;08/08/2025;11,00EUR;1.318,11EUR
BENICASIM AV GRAN;08/08/2025;-9,46EUR;1.307,11EUR
BENICASIM AV GRAN;08/08/2025;-45,37EUR;1.316,57EUR
LA TERRACITA;08/08/2025;-2,20EUR;1.361,94EUR
LA TERRACITA;08/08/2025;-2,20EUR;1.364,14EUR
FOURVENUES;07/08/2025;-9,90EUR;1.366,34EUR
FOURVENUES;07/08/2025;-17,60EUR;1.376,24EUR
LA TERRACITA;07/08/2025;-1,80EUR;1.393,84EUR
BIZUM RECIBIDO;07/08/2025;11,00EUR;1.395,64EUR
BIZUM RECIBIDO;06/08/2025;4,65EUR;1.384,64EUR
EL CORTE CHINO;06/08/2025;-18,20EUR;1.379,99EUR
PULL AND BEAR;06/08/2025;7,99EUR;1.398,19EUR
LA TERRACITA;06/08/2025;-3,60EUR;1.390,20EUR
BIZUM ENVIADO;05/08/2025;-17,50EUR;1.393,80EUR
LOTERIAS LA FALLE;05/08/2025;-4,00EUR;1.411,30EUR
LIZARRAN;05/08/2025;-3,00EUR;1.415,30EUR
LA TERRACITA;05/08/2025;-1,80EUR;1.418,30EUR
LOS JIJONENCOS;04/08/2025;-2,90EUR;1.420,10EUR
Revolut**1200*;04/08/2025;-300,00EUR;1.423,00EUR
Ahorros Republic;04/08/2025;-1.500,00EUR;1.723,00EUR
Ahorro;04/08/2025;-4.200,00EUR;3.223,00EUR
BIZUM ENVIADO;04/08/2025;-13,40EUR;7.423,00EUR
TRANSFER INMEDIATA;04/08/2025;2.052,00EUR;7.436,40EUR
TEIKA 12;04/08/2025;-1,20EUR;5.384,40EUR
LA TERRACITA;03/08/2025;-2,20EUR;5.385,60EUR
BIZUM RECIBIDO;03/08/2025;10,00EUR;5.387,80EUR
LA TERRACITA;03/08/2025;-3,60EUR;5.377,80EUR
BIZUM RECIBIDO;03/08/2025;9,20EUR;5.381,40EUR
BIZUM RECIBIDO;03/08/2025;9,20EUR;5.372,20EUR
BIZUM RECIBIDO;03/08/2025;4,60EUR;5.363,00EUR
BIZUM RECIBIDO;03/08/2025;4,60EUR;5.358,40EUR
BIZUM RECIBIDO;03/08/2025;13,80EUR;5.353,80EUR
BIZUM RECIBIDO;02/08/2025;4,50EUR;5.340,00EUR
BIZUM RECIBIDO;02/08/2025;4,60EUR;5.335,50EUR
BIZUM RECIBIDO;02/08/2025;4,60EUR;5.330,90EUR
BIZUM RECIBIDO;02/08/2025;4,60EUR;5.326,30EUR
LA TERRACITA;02/08/2025;-6,00EUR;5.321,70EUR
BENICASIM AV GRAN;02/08/2025;-61,47EUR;5.327,70EUR
TRASPASO;01/08/2025;829,92EUR;5.389,17EUR
LA TENDETA DE ALE;01/08/2025;-3,56EUR;4.559,25EUR
LA TERRACITA;01/08/2025;-2,20EUR;4.562,81EUR
BIZUM RECIBIDO;01/08/2025;7,00EUR;4.565,01EUR
LA TERRACITA;01/08/2025;-3,60EUR;4.558,01EUR
TEMPLO DEL MASAJE;01/08/2025;3,75EUR;4.561,61EUR
BIZUM RECIBIDO;01/08/2025;7,00EUR;4.557,86EUR
BIZUM RECIBIDO;31/07/2025;14,00EUR;4.550,86EUR
BIZUM RECIBIDO;31/07/2025;7,00EUR;4.536,86EUR
BIZUM RECIBIDO;31/07/2025;6,30EUR;4.529,86EUR
BENICASIM AV GRAN;31/07/2025;-6,37EUR;4.523,56EUR
BIZUM RECIBIDO;31/07/2025;6,30EUR;4.529,93EUR
MERCADONA BENICAS;31/07/2025;-57,57EUR;4.523,63EUR
LA TERRACITA;31/07/2025;-9,70EUR;4.581,20EUR
LA TERRACITA;31/07/2025;-1,80EUR;4.590,90EUR
TRANSF. A SU FAVOR;31/07/2025;207,48EUR;4.592,70EUR
TRANSF. A SU FAVOR;31/07/2025;2.311,92EUR;4.385,22EUR
TGSS.COTIZACI.;31/07/2025;-205,21EUR;2.073,30EUR
LIDL CASTELLON AV;30/07/2025;-8,64EUR;2.278,51EUR
BIZUM RECIBIDO;29/07/2025;19,00EUR;2.287,15EUR
LIDL BENICASSIM;29/07/2025;-38,43EUR;2.268,15EUR
LA TERRACITA;29/07/2025;-1,70EUR;2.306,58EUR
BIZUM RECIBIDO;28/07/2025;8,00EUR;2.308,28EUR
BIZUM RECIBIDO;28/07/2025;5,00EUR;2.300,28EUR
BIZUM RECIBIDO;28/07/2025;5,00EUR;2.295,28EUR
BIZUM RECIBIDO;28/07/2025;9,90EUR;2.290,28EUR
BK21494 BENICASIM;28/07/2025;-25,74EUR;2.280,38EUR
WASHTUR;28/07/2025;-4,00EUR;2.306,12EUR
LA TERRACITA;28/07/2025;-1,80EUR;2.310,12EUR
BIZUM RECIBIDO;27/07/2025;10,60EUR;2.311,92EUR
MCDONALD'S LA SAL;27/07/2025;-32,82EUR;2.301,32EUR
BIZUM RECIBIDO;27/07/2025;7,40EUR;2.334,14EUR
BIZUM RECIBIDO;27/07/2025;7,40EUR;2.326,74EUR
MCDONALD'S LA SAL;27/07/2025;-3,50EUR;2.319,34EUR
WWW CINESA ES;27/07/2025;-22,20EUR;2.322,84EUR
LA TERRACITA;27/07/2025;-3,60EUR;2.345,04EUR
LA TERRACITA;27/07/2025;-1,40EUR;2.348,64EUR
BIZUM ENVIADO;27/07/2025;-30,00EUR;2.350,04EUR
CAFETERIA VIVI'S;27/07/2025;-3,10EUR;2.380,04EUR
CASSABIANCA BENIC;27/07/2025;-12,00EUR;2.383,14EUR
BIZUM ENVIADO;27/07/2025;-2,00EUR;2.395,14EUR
LA TERRACITA;26/07/2025;-8,50EUR;2.397,14EUR
TEMPLO DEL MASAJE;26/07/2025;-3,75EUR;2.405,64EUR
LA TERRACITA;26/07/2025;-1,80EUR;2.409,39EUR
LA TREMENDA;26/07/2025;-7,00EUR;2.411,19EUR
LA TREMENDA;26/07/2025;-8,00EUR;2.418,19EUR
LA TERRACITA;25/07/2025;-12,00EUR;2.426,19EUR
LA TERRACITA;25/07/2025;-6,00EUR;2.438,19EUR
BIZUM ENVIADO;25/07/2025;-13,95EUR;2.444,19EUR
LA TERRACITA;24/07/2025;-3,00EUR;2.458,14EUR
LA TERRACITA;24/07/2025;-2,20EUR;2.461,14EUR
PULL AND BEAR;24/07/2025;-7,99EUR;2.463,34EUR
PULL AND BEAR;24/07/2025;-35,06EUR;2.471,33EUR
APPLE.COM/BILL;24/07/2025;-2,99EUR;2.506,39EUR
CURSOR, AI POWERE;23/07/2025;-17,13EUR;2.509,38EUR
LA TERRACITA;23/07/2025;-1,80EUR;2.526,51EUR
TRANSFER INMEDIATA;23/07/2025;1.026,00EUR;2.528,31EUR
BENICASIM AV GRAN;23/07/2025;-9,16EUR;1.502,31EUR
LA TERRACITA;22/07/2025;-5,20EUR;1.511,47EUR
BIZUM RECIBIDO;22/07/2025;23,00EUR;1.516,67EUR
LIDL BENICASSIM;22/07/2025;-46,23EUR;1.493,67EUR
BALLENOIL TORRENT;22/07/2025;-20,00EUR;1.539,90EUR
AQUANET CENTROS D;22/07/2025;-2,00EUR;1.559,90EUR
TALL S BARBER SHO;22/07/2025;-15,00EUR;1.561,90EUR
AMAZON;21/07/2025;-198,00EUR;1.576,90EUR
MERCADONA CC PRIN;21/07/2025;-9,23EUR;1.774,90EUR
I.V.A. MOD.303;21/07/2025;-2.541,45EUR;1.784,13EUR
BIZUM ENVIADO;20/07/2025;-2,50EUR;4.325,58EUR
BIZUM RECIBIDO;19/07/2025;25,00EUR;4.328,08EUR
BAR LA MUSSA;19/07/2025;-49,00EUR;4.303,08EUR
BIZUM ENVIADO;19/07/2025;-43,00EUR;4.352,08EUR
CHIRING LAGRANPAR;19/07/2025;-1,60EUR;4.395,08EUR
LA PERLA DEL JAMO;19/07/2025;-3,90EUR;4.396,68EUR
ONCE;19/07/2025;-2,00EUR;4.400,58EUR
EASY VENDING;18/07/2025;-1,85EUR;4.402,58EUR
MERCADONA CC PRIN;18/07/2025;-9,60EUR;4.404,43EUR
DELIQUO SOROLLA;18/07/2025;-4,00EUR;4.414,03EUR
HORNO ANCHEL;18/07/2025;-2,90EUR;4.418,03EUR
Abacus SCCL;17/07/2025;-7,55EUR;4.420,93EUR
AHORRACASH SUPERM;17/07/2025;-2,02EUR;4.428,48EUR
